<record><leader>00000cas a2200000 a 4500</leader><controlfield tag="001">54061643</controlfield><controlfield tag="008">040121c19uu9999txusr ne      0    0araoc</controlfield><datafield ind1=" " ind2=" " tag="010"><subfield code="a">  2004222505</subfield></datafield><datafield ind1=" " ind2=" " tag="040"><subfield code="a">CLU</subfield><subfield code="b">eng</subfield><subfield code="c">CLU</subfield><subfield code="d">CLU</subfield><subfield code="d">OCLCQ</subfield><subfield code="d">OCLCF</subfield><subfield code="d">OCLCO</subfield></datafield><datafield ind1="1" ind2=" " tag="029"><subfield code="a">AU@</subfield><subfield code="b">000025256834</subfield></datafield><datafield ind1=" " ind2=" " tag="042"><subfield code="a">pcc</subfield></datafield><datafield ind1=" " ind2=" " tag="043"><subfield code="a">ma-----</subfield></datafield><datafield ind1="0" ind2="3" tag="245"><subfield code="a">al-Zaytu&#772;nah.</subfield></datafield><datafield ind1="1" ind2="3" tag="246"><subfield code="a">Zaitonah</subfield><subfield code="f">&lt;1994-&gt;</subfield></datafield><datafield ind1="1" ind2="3" tag="246"><subfield code="a">Zaytouna</subfield><subfield code="f">&lt;2004-&gt;</subfield></datafield><datafield ind1="1" ind2="3" tag="246"><subfield code="a">Zaytouna newspaper</subfield><subfield code="f">&lt;2004-&gt;</subfield></datafield><datafield ind1="1" ind2="3" tag="246"><subfield code="a">Alzaytouna</subfield><subfield code="f">&lt;2004-&gt;</subfield></datafield><datafield ind1=" " ind2=" " tag="260"><subfield code="a">Dallas, Tx :</subfield><subfield code="b">I.A.P.</subfield></datafield><datafield ind1=" " ind2=" " tag="300"><subfield code="a">v. :</subfield><subfield code="b">ill. ;</subfield><subfield code="c">44 cm.</subfield></datafield><datafield ind1=" " ind2=" " tag="310"><subfield code="a">Semimonthly</subfield></datafield><datafield ind1=" " ind2=" " tag="500"><subfield code="a">Published: al-Ittih&#803;a&#772;d al-Isla&#772;mi&#772; li-Filasti&#772;n fi&#772; A&#772;mri&#772;ka&#772; al-Shama&#772;li&#772;yah, &lt;1997-&gt;</subfield></datafield><datafield ind1=" " ind2=" " tag="530"><subfield code="a">Also issued online.</subfield></datafield><datafield ind1=" " ind2=" " tag="588"><subfield code="a">Description based on: al-Sanah 2., al-&#699;adad 25 (4/17/92).</subfield></datafield><datafield ind1=" " ind2=" " tag="588"><subfield code="a">Latest issue consulted: al-&#699;Adad 322 (al-Jum&#699;ah 3 Sibtambir 2004).</subfield></datafield><datafield ind1=" " ind2="0" tag="650"><subfield code="a">Palestinian Arabs</subfield><subfield code="v">Newspapers.</subfield></datafield><datafield ind1=" " ind2="0" tag="651"><subfield code="a">Middle East</subfield><subfield code="v">Newspapers.</subfield></datafield><datafield ind1=" " ind2="7" tag="655"><subfield code="a">Newspapers.</subfield><subfield code="2">fast</subfield><subfield code="0">(OCoLC)fst01423814</subfield></datafield><datafield ind1=" " ind2="7" tag="650"><subfield code="a">Palestinian Arabs.</subfield><subfield code="2">fast</subfield><subfield code="0">(OCoLC)fst01051590</subfield></datafield><datafield ind1=" " ind2="7" tag="651"><subfield code="a">Middle East.</subfield><subfield code="2">fast</subfield><subfield code="0">(OCoLC)fst01241586</subfield></datafield><datafield ind1="2" ind2=" " tag="710"><subfield code="a">Ittih&#803;a&#772;d al-Isla&#772;mi&#772; li-Filast&#803;i&#772;n fi&#772; A&#772;mri&#772;ka&#772; al-Shama&#772;li&#772;yah.</subfield></datafield><datafield ind1=" " ind2=" " tag="752"><subfield code="a">United States</subfield><subfield code="b">Texas</subfield><subfield code="c">Dallas</subfield><subfield code="d">Dallas.</subfield></datafield><datafield ind1="4" ind2="1" tag="856"><subfield code="z">Resource no longer available when searched on: 07/20/05</subfield><subfield code="u">http://bibpurl.oclc.org/web/6327</subfield><subfield code="u">http://www.alzaytouna.com</subfield></datafield></record>